<?xml version="1.0" encoding="UTF-8"?><record xmlns="http://www.loc.gov/MARC21/slim" xmlns:cinclude="http://apache.org/cocoon/include/1.0" xmlns:zs="http://www.loc.gov/zing/srw/">
  <leader>00501nz  a2200145n  4500</leader>
  <controlfield tag="001">no2010004885</controlfield>
  <controlfield tag="003">DLC</controlfield>
  <controlfield tag="005">20100113075959.0</controlfield>
  <controlfield tag="008">100111n| acannaabn          |n aaa     c</controlfield>
  <datafield tag="010" ind1=" " ind2=" ">
    <subfield code="a">no2010004885</subfield>
  </datafield>
  <datafield tag="035" ind1=" " ind2=" ">
    <subfield code="a">(OCoLC)oca08356713</subfield>
  </datafield>
  <datafield tag="040" ind1=" " ind2=" ">
    <subfield code="a">NAnB-G</subfield>
    <subfield code="b">eng</subfield>
    <subfield code="c">NAnB-G</subfield>
  </datafield>
  <datafield tag="100" ind1="1" ind2=" ">
    <subfield code="a">Dedobbeleer, Koenraad,</subfield>
    <subfield code="d">1975-</subfield>
  </datafield>
  <datafield tag="670" ind1=" " ind2=" ">
    <subfield code="a">Rita McBride, Koenraad Dedobbeleer, c2009.</subfield>
  </datafield>
  <datafield tag="670" ind1=" " ind2=" ">
    <subfield code="a">e-flux, viewed online Jan. 6, 2010</subfield>
    <subfield code="b">(Koenraad Dedobbeleer; born in Halle, Belgium, in 1975; artist working on architectural space)</subfield>
  </datafield>
</record>